:insert
% online
@online{Doe:2009:Online,
    author = {Doe, Ringo},
    title = {This is a test entry of type {@ONLINE}},
    month = jun,
    year = {2009},
    url = {http://www.test.org/doe/}
}

% custom

@manual{ti:slaa338,
    organization  = "Texas Instruments",
    author        = "Lane Westlund",
    title         = "Random Number Generation Using the MSP430",
    number        = "SLAA338",
    year          =  2006,
    month         =  10,    
    note          = "Application Report"
}

% crypto books

@book{schneier_applied_1996,
	address = {New York},
	edition = {2nd ed},
	title = {Applied cryptography: protocols, algorithms, and source code in {C}},
	isbn = {0471128457 0471117099},
	shorttitle = {Applied cryptography},
	publisher = {Wiley},
	author = {Schneier, Bruce},
	year = {1996},
	keywords = {Computer security, Cryptography, Security measures, Telecommunication},
}

@book{Menezes:1996:HAC:548089,
    author = {Menezes, Alfred J. and Vanstone, Scott A. and Oorschot, Paul C. Van},
    title = {Handbook of Applied Cryptography},
    year = {1996},
    isbn = {0849385237},
    edition = {1st},
    publisher = {CRC Press, Inc.},
    address = {Boca Raton, FL, USA},
}
